<record><leader>00000cas a22000007a 4500</leader><controlfield tag="001">13416025</controlfield><controlfield tag="008">860410d1912191uwvuwr ne      0    0eng d</controlfield><datafield ind1=" " ind2=" " tag="010"><subfield code="a">sn 86092464 </subfield></datafield><datafield ind1=" " ind2=" " tag="040"><subfield code="a">WVC</subfield><subfield code="b">eng</subfield><subfield code="c">WVC</subfield><subfield code="d">OCL</subfield><subfield code="d">OCLCQ</subfield></datafield><datafield ind1=" " ind2=" " tag="042"><subfield code="a">msc</subfield></datafield><datafield ind1="0" ind2="4" tag="245"><subfield code="a">The Parkersburg socialist.</subfield></datafield><datafield ind1=" " ind2=" " tag="260"><subfield code="a">Parkersburg, W. Va. :</subfield><subfield code="b">Parkersburg Socialist Publ. Co.</subfield></datafield><datafield ind1=" " ind2=" " tag="300"><subfield code="a">v.</subfield></datafield><datafield ind1=" " ind2=" " tag="310"><subfield code="a">Weekly</subfield></datafield><datafield ind1="1" ind2=" " tag="362"><subfield code="a">Began in 1912.</subfield></datafield><datafield ind1=" " ind2=" " tag="500"><subfield code="a">"Devoted to the working class."</subfield></datafield><datafield ind1=" " ind2=" " tag="500"><subfield code="a">Editor: H.O. Davis.</subfield></datafield><datafield ind1=" " ind2=" " tag="588"><subfield code="a">Description based on: Vol. 1, no. 12 (Aug. 31, 1912).</subfield></datafield><datafield ind1=" " ind2=" " tag="752"><subfield code="a">United States</subfield><subfield code="b">West Virginia</subfield><subfield code="c">Wood</subfield><subfield code="d">Parkersburg.</subfield></datafield></record>